<record xmlns="http://www.loc.gov/MARC21/slim" xmlns:xsi="http://www.w3.org/2001/XMLSchema-instance" xsi:schemaLocation="http://www.loc.gov/MARC21/slim http://www.loc.gov/standards/marcxml/schema/MARC21slim.xsd"><leader>00749nz   2200205n  4500</leader><controlfield tag="001">oca01454271 </controlfield><controlfield tag="005">19851220070607.6</controlfield><controlfield tag="008">850918n| acannaab|          |a aaa ||| c</controlfield><datafield ind1=" " ind2=" " tag="010"><subfield code="a">n  85196664 </subfield></datafield><datafield ind1=" " ind2=" " tag="040"><subfield code="a">InU</subfield><subfield code="c">DLC</subfield></datafield><datafield ind1="1" ind2=" " tag="100"><subfield code="a">Piso, Gaius Calpurnius,</subfield><subfield code="d">d. 65.</subfield></datafield><datafield ind1="1" ind2=" " tag="400"><subfield code="a">Piso,</subfield><subfield code="d">d. 65</subfield></datafield><datafield ind1="1" ind2=" " tag="400"><subfield code="a">Piso, Caius Calpurnius,</subfield><subfield code="d">d. 65</subfield></datafield><datafield ind1="1" ind2=" " tag="400"><subfield code="a">Calpurnius, Gaius,</subfield><subfield code="d">d. 65</subfield></datafield><datafield ind1="1" ind2=" " tag="400"><subfield code="a">Pisóne, Gaio Calpurnio,</subfield><subfield code="d">d. 65</subfield></datafield><datafield ind1=" " ind2=" " tag="670"><subfield code="a">Osborne, F. A discourse upon Piso and Vindex ... 1656.</subfield></datafield><datafield ind1=" " ind2=" " tag="670"><subfield code="a">Collier's, 1977:</subfield><subfield code="b">index (Piso, Gaius Calpurnius)</subfield></datafield><datafield ind1=" " ind2=" " tag="670"><subfield code="a">Encyc. Brit., 1980</subfield><subfield code="b">(Calpurnius, Gaius; 1st cent.; Roman senator)</subfield></datafield><datafield ind1=" " ind2=" " tag="670"><subfield code="a">Grande dizion. encic. UTET, 1970</subfield><subfield code="b">(Pisóne, Gaio Calpurnio; d. 65)</subfield></datafield><datafield ind1=" " ind2=" " tag="670"><subfield code="a">BM</subfield><subfield code="b">(Piso, Caius Calpurnius)</subfield></datafield></record>